% This file was created with JabRef 2.7.2.
% Encoding: MacRoman

@INPROCEEDINGS{floresta,
  author = {Afonso, S. and Bick, E. and Haber, R. and Santos, D.},
  title = {{Floresta Sinta(c)tica: a treebank for Portuguese}},
  booktitle = {Proc. LREC},
  year = {2002}
}

@INPROCEEDINGS{altun03hmsvm,
  author = {Y. Altun and I. Tsochantaridis and T. Hofmann},
  title = {Hidden {M}arkov Support Vector Machines},
  booktitle = {Proc. ICML},
  year = {2003}
}

@INPROCEEDINGS{andriluka09,
  author = {Andriluka, M. and Roth, S. and Schiele, B.},
  title = {{Pictorial structures revisited: People detection and articulated
	pose estimation}},
  booktitle = {Proc. CVPR},
  year = {2009}
}

@CONFERENCE{andriluka2008people,
  author = {Andriluka, M. and Roth, S. and Schiele, B.},
  title = {{People-tracking-by-detection and people-detection-by-tracking}},
  booktitle = {Proc. CVPR},
  year = {2008},
  owner = {bensapp},
  timestamp = {2012.04.02}
}

@INPROCEEDINGS{bb67413,
  author = {M. Andriluka and S. Roth and B. Schiele},
  title = {People-tracking-by-detection and people-detection-by-tracking},
  booktitle = {Proc. CVPR},
  year = {2008}
}

@CONFERENCE{balan06,
  author = {Balan, A.O. and Black, M.J.},
  title = {{An adaptive appearance model approach for model-based articulated
	object tracking}},
  booktitle = {Proc. CVPR},
  year = {2006},
  owner = {bensapp},
  timestamp = {2012.04.02}
}

@ARTICLE{bartlettM02,
  author = {P. L. Bartlett and S. Mendelson},
  title = {Rademacher and {G}aussian Complexities: Risk Bounds and Structural
	Results},
  journal = {JMLR},
  year = {2002},
  volume = {3},
  pages = {463--482}
}

@BOOK{bertsekas99,
  title = {Nonlinear Programming},
  publisher = {Athena Scientific},
  year = {1999},
  author = {D. P. Bertsekas},
  edition = {Second}
}

@BOOK{bertsekas99,
  title = {Nonlinear Programming},
  year = {1999},
  author = {D. P. Bertsekas},
  owner = {bensapp},
  timestamp = {2012.04.02}
}

@CONFERENCE{bo08,
  author = {Bo, L. and Sminchisescu, C. and Kanaujia, A. and Metaxas, D.},
  title = {{Fast algorithms for large scale conditional 3d prediction}},
  booktitle = {Proc. CVPR},
  year = {2008},
  owner = {bensapp},
  timestamp = {2012.04.02}
}

@INPROCEEDINGS{bottou-bousquet-2008,
  author = {L\'{e}on Bottou and Olivier Bousquet},
  title = {The Tradeoffs of Large Scale Learning},
  booktitle = {Neural Information Processing Systems},
  year = {2008},
  pages = {161--168}
}

@INPROCEEDINGS{bourdev09,
  author = {Lubomir Bourdev and Jitendra Malik},
  title = {Poselets: Body Part Detectors Trained Using 3D Human Pose Annotations},
  booktitle = {ICCV},
  year = {2009},
  owner = {bensapp},
  timestamp = {2012.04.02}
}

@CONFERENCE{bregler98,
  author = {Bregler, C. and Malik, J.},
  title = {{Tracking people with twists and exponential maps}},
  booktitle = {Proc. CVPR},
  year = {1998},
  owner = {bensapp},
  timestamp = {2012.04.02}
}

@CONFERENCE{buehler08,
  author = {Buehler, P. and Everingham, M. and Huttenlocher, DP and Zisserman,
	A.},
  title = {{Long term arm and hand tracking for continuous sign language TV
	broadcasts}},
  booktitle = {Proc. BMVC},
  year = {2008},
  owner = {bensapp},
  timestamp = {2012.04.02}
}

@INPROCEEDINGS{carreras2008tag,
  author = {Carreras, X. and Collins, M. and Koo, T.},
  title = {{TAG, dynamic programming, and the perceptron for efficient, feature-rich
	parsing}},
  booktitle = {Proc. CoNLL},
  year = {2008}
}

@ARTICLE{cavallanti2007tbh,
  author = {Cavallanti, G. and Cesa-Bianchi, N. and Gentile, C.},
  title = {{Tracking the best hyperplane with a simple budget Perceptron}},
  journal = {Machine Learning},
  year = {2007},
  volume = {69},
  pages = {143--167},
  number = {2},
  publisher = {Springer}
}

@INPROCEEDINGS{charniak2000maximum,
  author = {Charniak, E.},
  title = {{A maximum-entropy-inspired parser}},
  booktitle = {Proc. NAACL},
  year = {2000}
}

@INPROCEEDINGS{hiero,
  author = {Chiang, David and Lopez, Adam and Madnani, Nitin and Monz, Christof
	and Resnik, Philip and Subotin, Michael},
  title = {The Hiero machine translation system: extensions, evaluation, and
	analysis},
  booktitle = {Proceedings of the conference on Human Language Technology and Empirical
	Methods in Natural Language Processing},
  year = {2005},
  series = {HLT '05},
  pages = {779--786},
  address = {Stroudsburg, PA, USA},
  publisher = {Association for Computational Linguistics}
}

@INPROCEEDINGS{collins_discriminative_2002,
  author = {M. Collins},
  title = {Discriminative training methods for hidden Markov models: theory
	and experiments with perceptron algorithms},
  booktitle = {Proc. EMNLP},
  year = {2002}
}

@INPROCEEDINGS{collinsR04,
  author = {Michael Collins and Brian Roark},
  title = {Incremental Parsing with the Perceptron Algorithm},
  booktitle = {ACL},
  year = {2004},
  pages = {111--118},
  bibdate = {2005-01-14},
  bibsource = {DBLP, http://dblp.uni-trier.de/db/conf/acl/acl2004.html#CollinsR04},
  url = {http://acl.ldc.upenn.edu/acl2004/main/pdf/338_pdf_2-col.pdf}
}

@INPROCEEDINGS{Crammer03onlineclassification,
  author = {K. Crammer and J. Kandola and Y. Singer},
  title = {Online Classification on a Budget},
  booktitle = {Advances in Neural Information Processing Systems 16},
  year = {2003},
  publisher = {MIT Press}
}

@INPROCEEDINGS{deva2006,
  author = {D. Ramanan, C. Sminchisescu},
  title = {Training Deformable Models for Localization},
  booktitle = {CVPR},
  year = {2006},
  owner = {bensapp},
  timestamp = {2012.04.02}
}

@INPROCEEDINGS{hog,
  author = {N. Dalal and B. Triggs},
  title = {Histograms of Oriented Gradients for Human Detection},
  booktitle = {Proc. CVPR},
  year = {2005}
}

@ARTICLE{dekel2008forgetron,
  author = {Dekel, O. and Shalev-Shwartz, S. and Singer, Y.},
  title = {{The Forgetron: A kernel-based Perceptron on a budget}},
  journal = {SIAM Journal on Computing},
  year = {2008},
  volume = {37},
  pages = {1342--1372},
  number = {5}
}

@ARTICLE{bb68704,
  author = {J. Deutscher and I. D. Reid},
  title = {Articulated Body Motion Capture by Stochastic Search},
  journal = {IJCV},
  year = {2005},
  volume = {61},
  pages = {185--205},
  number = {2},
  owner = {bensapp},
  timestamp = {2012.04.02}
}

@INPROCEEDINGS{druck_learning_2007,
  author = {G. Druck and M. A. Amherst and M. Narasimhan and W. A. Redmond and
	P. Viola},
  title = {Learning {A*} underestimates: Using inference to guide inference},
  booktitle = {Proc. {AISTATS}},
  year = {2007}
}

@CONFERENCE{eichner09,
  author = {Eichner, M. and Ferrari, V.},
  title = {{Better appearance models for pictorial structures}},
  booktitle = {Proc. BMVC},
  year = {2009},
  owner = {bensapp},
  timestamp = {2012.04.02}
}

@ARTICLE{voc,
  author = {Everingham, M. and Van~Gool, L. and Williams, C. K. I. and Winn,
	J. and Zisserman, A.},
  title = {The Pascal Visual Object Classes (VOC) Challenge},
  journal = {IJCV},
  year = {2010},
  owner = {bensapp},
  timestamp = {2012.04.02}
}

@ARTICLE{felzps,
  author = {Felzenszwalb, P.F. and Huttenlocher, D.P.},
  title = {{Pictorial structures for object recognition}},
  journal = {IJCV},
  year = {2005},
  volume = {61},
  pages = {55--79},
  number = {1},
  issn = {0920-5691},
  owner = {bensapp},
  publisher = {Springer},
  timestamp = {2012.04.02}
}

@MISC{dpm,
  author = {Felzenszwalb, P. F. and Girshick, R. B. and McAllester, D.},
  title = {Discriminatively Trained Deformable Part Models, Release 4},
  howpublished = {people.cs.uchicago.edu/pff/latent-release4/},
  year = {2011},
  owner = {bensapp},
  timestamp = {2012.04.02}
}

@INPROCEEDINGS{ferrari08,
  author = {Ferrari, V. and Marin-Jimenez, M. and Zisserman, A.},
  title = {{Progressive search space reduction for human pose estimation}},
  booktitle = {Proc. CVPR},
  year = {2008}
}

@INPROCEEDINGS{frome07,
  author = {Frome, A. and Singer, Y. and Sha, F. and Malik, J.},
  title = {Learning globally-consistent local distance functions for shape-based
	image retrieval and classification},
  booktitle = {ICCV},
  year = {2007},
  owner = {bensapp},
  timestamp = {2012.04.02}
}

@BOOK{psd-book,
  title = {Predicting structured data},
  publisher = {The MIT Press},
  year = {2007},
  author = {G.Bakir and T. Hofmann and B. Sch√∂lkopf and A. Smola and Ben Taskar
	and S. V. N. Vishwanathan}
}

@ARTICLE{gould08ijcv,
  author = {Stephen Gould and Jim Rodgers and David Cohen and Gal Elidan and
	Daphne Koller},
  title = {Multi-class Segmentation with Relative Location Prior},
  journal = {IJCV},
  year = {2008},
  owner = {bensapp},
  timestamp = {2012.04.02}
}

@ARTICLE{ESL,
  author = {Hastie, T. and Tibshirani, R. and Friedman, J.},
  title = {The Elements of Statistical Learning},
  year = {2009},
  publisher = {Springer}
}

@INPROCEEDINGS{huang2008forest,
  author = {L. Huang},
  title = {{Forest reranking: Discriminative parsing with non-local features}},
  booktitle = {Proc. ACL},
  year = {2008}
}

@ARTICLE{isard98,
  author = {Isard, M. and Blake, A.},
  title = {{Condensation conditional density propagation for visual tracking}},
  journal = {IJCV},
  year = {1998},
  owner = {bensapp},
  timestamp = {2012.04.02}
}

@INPROCEEDINGS{everingham2011,
  author = {S. Johnson and M. Everingham},
  title = {Learning effective human pose estimation from inaccurate annotation},
  booktitle = {CVPR},
  year = {2011},
  owner = {bensapp},
  timestamp = {2012.04.02}
}

@CONFERENCE{cardboard02,
  author = {Ju, S.X. and Black, M.J. and Yacoob, Y.},
  title = {{Cardboard people: A parameterized model of articulated image motion}},
  booktitle = {Automatic Face and Gesture Recognition},
  year = {1996},
  owner = {bensapp},
  timestamp = {2012.04.02}
}

@PHDTHESIS{Kassel_Thesis,
  author = {R. Kassel},
  title = {A Comparison of Approaches to On-line Handwritten Character Recognition},
  school = {Massachusetts Institute of Technology},
  year = {1995}
}

@BOOK{koller,
  title = {Probabilistic Graphical Models: Principles and Techniques},
  publisher = {The MIT Press},
  year = {2009},
  author = {Koller, D. and Friedman, N.}
}

@INPROCEEDINGS{komodakis2007dualdecomp,
  author = {N. Komodakis and N. Paragios and G. Tziritas},
  title = {{MRF} Optimization via Dual Decomposition: Message-Passing Revisited},
  booktitle = {Proc. ICCV},
  year = {2007}
}

@INPROCEEDINGS{kratz-tracking,
  author = {Kratz, L. and Nishino, K.},
  title = {{Tracking with Local Spatio-Temporal Motion Patterns in Extremely
	Crowded Scenes}},
  booktitle = {Proc. CVPR},
  year = {2010}
}

@INPROCEEDINGS{kulesza11,
  author = {Kulesza, A. and Taskar, B.},
  title = {{Structured determinantal point processes}},
  booktitle = {NIPS},
  year = {2010},
  owner = {bensapp},
  timestamp = {2012.04.02}
}

@INPROCEEDINGS{kwon2009,
  author = {J. S. Kwon and K. M. Lee},
  title = {Tracking of a non-rigid object via patch-based dynamic appearance
	modeling and adaptive Basin Hopping Monte Carlo sampling},
  booktitle = {Proc. CVPR},
  year = {2009}
}

@INPROCEEDINGS{lafferty01CRF,
  author = {Lafferty, J. and McCallum, A. and Pereira, F.C.N.},
  title = {Conditional random fields: Probabilistic models for segmenting and
	labeling sequence data},
  booktitle = {Proc. ICML},
  year = {2001}
}

@INPROCEEDINGS{lafferty01crfs,
  author = {J. Lafferty and A. McCallum and F. Pereira},
  title = {Conditional Random Fields: Probabilistic Models for Segmenting and
	Labeling Sequence Data},
  booktitle = {Proc. ICML},
  year = {2001}
}

@INPROCEEDINGS{lamel1989sdd,
  author = {Lamel, L.F. and Kassel, R.H. and Seneff, S.},
  title = {{Speech database development: Design and analysis of the acoustic-phonetic
	corpus}},
  booktitle = {Speech Input/Output Assessment and Speech Databases},
  year = {1989}
}

@CONFERENCE{lan05,
  author = {Lan, X. and Huttenlocher, D.P.},
  title = {{Beyond trees: Common-factor models for 2d human pose recovery}},
  booktitle = {Proc. ICCV},
  year = {2005},
  owner = {bensapp},
  timestamp = {2012.04.02}
}

@ARTICLE{lee06,
  author = {Lee, M. and Nevatia, R.},
  title = {{Human pose tracking using multi-level structured models}},
  journal = {Proc. ECCV},
  year = {2006},
  owner = {bensapp},
  timestamp = {2012.04.02}
}

@PHDTHESIS{optflow,
  author = {Ce Liu},
  title = {Beyond Pixels: Exploring New Representations and Applications for
	Motion Analysis},
  school = {MIT},
  year = {2009},
  owner = {bensapp},
  timestamp = {2012.04.02}
}

@INPROCEEDINGS{esvm,
  author = {Tomasz Malisiewicz and Abhinav Gupta and Alexei A. Efros},
  title = {Ensemble of Exemplar-SVMs for Object Detection and Beyond},
  booktitle = {ICCV},
  year = {2011},
  owner = {bensapp},
  timestamp = {2012.04.02}
}

@ARTICLE{PennTreebank,
  author = {M. Marcus and S. Santorini and M. Marcinkiewicz},
  title = {Building a large annotated corpus of English: the Penn Treebank},
  journal = {Computational Linguistics},
  year = {1993},
  volume = {19},
  pages = {313--330},
  number = {2}
}

@ARTICLE{miko04,
  author = {Mikolajczyk, K. and Schmid, C. and Zisserman, A.},
  title = {{Human detection based on a probabilistic assembly of robust part
	detectors}},
  journal = {Proc. ECCV},
  year = {2004},
  owner = {bensapp},
  timestamp = {2012.04.02}
}

@ARTICLE{munoz2007people,
  author = {Mu{\~n}oz-Salinas, R. and Aguirre, E. and Garc{\'\i}a-Silvente, M.},
  title = {{People detection and tracking using stereo vision and color}},
  journal = {Image and Vision Computing},
  year = {2007},
  volume = {25},
  pages = {995--1007},
  number = {6},
  publisher = {Elsevier}
}

@CONFERENCE{pff-cascade,
  author = {P. Felzenszwalb, R. Girshick and D. McAllester},
  title = {Cascade Object Detection with Deformable Part Models},
  booktitle = {Proc. CVPR},
  year = {2010}
}

@INPROCEEDINGS{pal_sparse_2006,
  author = {C. Pal and C. Sutton and A. {McCallum}},
  title = {Sparse forward-backward using minimum divergence beams for fast training
	of {CRF}s},
  booktitle = {Proc. ICASP},
  year = {2006}
}

@INPROCEEDINGS{park11,
  author = {D. Park and D. Ramanan},
  title = {N-Best Maximal Decoders for Part Models},
  booktitle = {ICCV},
  year = {2011},
  owner = {bensapp},
  timestamp = {2012.04.02}
}

@CONFERENCE{pellegrini2009you,
  author = {Pellegrini, S. and Ess, A. and Schindler, K. and Van Gool, L.},
  title = {{You‚Äôll Never Walk Alone: Modeling Social Behavior for Multi-target
	Tracking}},
  booktitle = {Proc. ICCV},
  year = {2009}
}

@PHDTHESIS{petrov:PhD,
  author = {S. Petrov},
  title = {Coarse-to-Fine Natural Language Processing},
  school = {University of California at Bekeley},
  year = {2009}
}

@INPROCEEDINGS{petrov-haghighi-klein:2008:EMNLP,
  author = {S. Petrovand and A. Haghighi and D. Klein},
  title = {Coarse-to-Fine Syntactic Machine Translation using Language Projections},
  booktitle = {Proc. EMNLP},
  year = {2008},
  pages = {108--116}
}

@INPROCEEDINGS{rabiner,
  author = {L. R. Rabiner},
  title = {A tutorial on Hidden Markov Models and selected applications in speech
	recognition},
  booktitle = {Survey, HMM},
  year = {1989}
}

@ARTICLE{ramanan06,
  author = {Ramanan, D.},
  title = {{Learning to parse images of articulated bodies}},
  journal = {NIPS},
  year = {2007},
  owner = {bensapp},
  timestamp = {2012.04.02}
}

@CONFERENCE{ramanan05,
  author = {Ramanan, D. and Forsyth, D.A. and Zisserman, A.},
  title = {{Strike a pose: Tracking people by finding stylized poses}},
  booktitle = {Proc. CVPR},
  year = {2005},
  owner = {bensapp},
  timestamp = {2012.04.02}
}

@INPROCEEDINGS{ratnaparkhi1996maximum,
  author = {A. Ratnaparkhi},
  title = {{A maximum entropy model for part-of-speech tagging}},
  booktitle = {Proc. EMNLP},
  year = {1996}
}

@INPROCEEDINGS{ren07,
  author = {Xiaofeng Ren and Jitendra Malik},
  title = {Tracking as Repeated Figure/Ground Segmentation},
  booktitle = {Proc. CVPR},
  year = {2007},
  owner = {bensapp},
  timestamp = {2012.04.02}
}

@CONFERENCE{rogez08,
  author = {Rogez, G. and Rihan, J. and Ramalingam, S. and Orrite, C. and Torr,
	P.H.S.},
  title = {{Randomized trees for human pose detection}},
  booktitle = {Proc. CVPR},
  year = {2008},
  owner = {bensapp},
  timestamp = {2012.04.02}
}

@CONFERENCE{ronfard02,
  author = {Ronfard, R. and Schmid, C. and Triggs, B.},
  title = {{Learning to parse pictures of people}},
  booktitle = {Proc. ECCV},
  year = {2002},
  owner = {bensapp},
  timestamp = {2012.04.02}
}

@INPROCEEDINGS{johnson11,
  author = {S. Johnson, M. Everingham},
  title = {Learning effective human pose estimation from inaccurate annotation},
  booktitle = {CVPR},
  year = {2011},
  owner = {bensapp},
  timestamp = {2012.04.02}
}

@INPROCEEDINGS{sapp2010,
  author = {B. Sapp and C. Jordan and B. Taskar},
  title = {Adaptive Pose Priors for Pictorial Structures},
  booktitle = {Proc. CVPR},
  year = {2010}
}

@INPROCEEDINGS{sapp10cascades,
  author = {B. Sapp and A. Toshev and B. Taskar},
  title = {Cascaded Models for Articulated Pose Estimation},
  booktitle = {Proc. ECCV},
  year = {2010}
}

@INPROCEEDINGS{sapp2011,
  author = {Benjamin Sapp and David Weiss and Ben Taskar},
  title = {Parsing Human Motion with Stretchable Models},
  booktitle = {CVPR},
  year = {2011},
  owner = {bensapp},
  timestamp = {2012.04.02}
}

@INPROCEEDINGS{shalev07,
  author = {S. Shalev-Shwartz and Y. Singer and N. Srebro},
  title = {Pegasos: Primal Estimated sub-GrAdient {SO}lver for {SVM}},
  booktitle = {Proc. ICML},
  year = {2007}
}

@INPROCEEDINGS{shalevshwartz2008soi,
  author = {S. Shalev-Shwartz and N. Srebro},
  title = {{SVM optimization: inverse dependence on training set size}},
  booktitle = {International Conference on Machine learning},
  year = {2008},
  pages = {928--935}
}

@ARTICLE{MSRC-21,
  author = {Shotton, J.D.J. and Winn, J. and Rother, C. and Criminisi, A.},
  title = {TextonBoost for Image Understanding: Multi-Class Object Recognition
	and Segmentation by Jointly Modeling Texture, Layout, and Context},
  journal = {IJCV},
  year = {2009},
  volume = {81},
  number = {1},
  month = {January}
}

@INPROCEEDINGS{sigal2004tracking,
  author = {Sigal, L. and Bhatia, S. and Roth, S. and Black, M.J. and Isard,
	M.},
  title = {{Tracking loose-limbed people}},
  booktitle = {Proc. CVPR},
  year = {2004}
}

@CONFERENCE{sigal04,
  author = {Sigal, L. and Isard, M. and Sigelman, B.H. and Black, M.J.},
  title = {{Attractive people: Assembling loose-limbed models using non-parametric
	belief propagation}},
  booktitle = {NIPS},
  year = {2004},
  owner = {bensapp},
  timestamp = {2012.04.02}
}

@INPROCEEDINGS{Simov02buildinga,
  author = {K. Simov and P. Osenova and M. Slavcheva and S. Kolkovska and E.
	Balabanova and D. Doikoff and K. Ivanova and A. Simov and E. Simov
	and M. Kouylekov},
  title = {Building a Linguistically Interpreted Corpus of Bulgarian: the BulTreeBank},
  booktitle = {Proc. LREC},
  year = {2002}
}

@ARTICLE{sminchisescu03,
  author = {Sminchisescu, C. and Triggs, B.},
  title = {{Estimating articulated human motion with covariance scaled sampling}},
  journal = {IJRR},
  year = {2003},
  owner = {bensapp},
  timestamp = {2012.04.02}
}

@PHDTHESIS{taskar05thesis,
  author = {Ben Taskar},
  title = {Learning Structured Prediction Models: {A} Large Margin Approach},
  school = {Stanford University},
  year = {2005}
}

@INPROCEEDINGS{taskar05structured,
  author = {Ben Taskar and V. Chatalbashev and Daphne Koller and C. Guestrin},
  title = {Learning Structured Prediction Models: {A} Large Margin Approach},
  booktitle = {Twenty-Second International Conference on Machine Learning (ICML)},
  year = {2005},
  address = {Bonn, Germany}
}

@INPROCEEDINGS{taskar03max,
  author = {B. Taskar and C. Guestrin and D. Koller},
  title = {Max Margin {M}arkov Networks},
  booktitle = {Proc. NIPS},
  year = {2003}
}

@INPROCEEDINGS{ddtran,
  author = {D. Tran and D. Forsyth},
  title = {Improved Human Parsing with a Full Relational Model},
  booktitle = {ECCV},
  year = {2010},
  owner = {bensapp},
  timestamp = {2012.04.02}
}

@ARTICLE{tran10,
  author = {Tran, D. and Forsyth, D.},
  title = {{Improved Human Parsing with a Full Relational Model}},
  journal = {Proc. ECCV},
  year = {2010},
  owner = {bensapp},
  timestamp = {2012.04.02}
}

@CONFERENCE{urtasun08,
  author = {R. Urtasun and T. Darrell},
  title = {{Local Probabilistic Regression for Activity-Independent Human Pose
	Inference}},
  booktitle = {Proc. CVPR},
  year = {2008},
  owner = {bensapp},
  timestamp = {2012.04.02}
}

@ARTICLE{vapnik1974theory,
  author = {Vapnik, V.N. and Chervonenkis, A.J.},
  title = {Theory of pattern recognition},
  year = {1974}
}

@INPROCEEDINGS{venugopal2007efficient,
  author = {Venugopal, A. and Zollmann, A. and Stephan, V.},
  title = {An efficient two-pass approach to synchronous-CFG driven statistical
	MT},
  booktitle = {Proceedings of HLTNAACL},
  year = {2007},
  pages = {500--507}
}

@ARTICLE{viola2002robust,
  author = {Viola, P. and Jones, M.},
  title = {{Robust real-time object detection}},
  journal = {International Journal of Computer Vision},
  year = {2002},
  volume = {57},
  pages = {137--154},
  number = {2}
}

@ARTICLE{wang07,
  author = {Wang, J.M. and Fleet, D.J. and Hertzmann, A.},
  title = {{Gaussian process dynamical models for human motion}},
  journal = {PAMI},
  year = {2007},
  pages = {283--298},
  owner = {bensapp},
  timestamp = {2012.04.02}
}

@INPROCEEDINGS{lmknn,
  author = {Weinberger, K.Q. and Blitzer, J. and Saul, L.K.},
  title = {Distance metric learning for large margin nearest neighbor classification},
  booktitle = {In NIPS},
  year = {2006},
  organization = {Citeseer},
  owner = {bensapp},
  timestamp = {2012.04.02}
}

@INPROCEEDINGS{weisssapp10,
  author = {David Weiss and Benjamin Sapp and Ben Taskar},
  title = {Sidestepping Intractable Inference with Structured Ensemble Cascades.},
  booktitle = {NIPS},
  year = {2010},
  owner = {bensapp},
  timestamp = {2012.04.02}
}

@INPROCEEDINGS{weiss10,
  author = {D. Weiss and B. Taskar},
  title = {Structured Prediction Cascades},
  booktitle = {Proc. AISTATS},
  year = {2010}
}

@ARTICLE{bwu,
  author = {B. Wu and R. Nevatia},
  title = {Detection and Tracking of Multiple, Partially Occluded Humans by
	Bayesian Combination of Edgelet based Part Detectors},
  journal = {IJCV},
  year = {2007},
  owner = {bensapp},
  timestamp = {2012.04.02}
}

@ARTICLE{bwu,
  author = {B. Wu and R. Nevatia},
  title = {Detection and Tracking of Multiple, Partially Occluded Humans by
	Bayesian Combination of Edgelet based Part Detectors},
  journal = {IJCV},
  year = {2007},
  volume = {75},
  pages = {247--266},
  number = {2}
}

@ARTICLE{wu2007detection,
  author = {Wu, B. and Nevatia, R.},
  title = {{Detection and tracking of multiple, partially occluded humans by
	Bayesian combination of edgelet based part detectors}},
  journal = {IJCV},
  year = {2007},
  owner = {bensapp},
  timestamp = {2012.04.02}
}

@INPROCEEDINGS{wang2011,
  author = {Yang Wang, Duan Tran and Zicheng Liao},
  title = {Learning Hierarchical Poselets for Human Parsing},
  booktitle = {CVPR},
  year = {2011},
  owner = {bensapp},
  timestamp = {2012.04.02}
}

@INPROCEEDINGS{deva2011,
  author = {Y. Yang and D. Ramanan},
  title = {Articulated Pose Estimation using Flexible Mixtures of Parts},
  booktitle = {CVPR},
  year = {2011},
  owner = {bensapp},
  timestamp = {2012.04.02}
}

@INPROCEEDINGS{zhang06,
  author = {Hao Zhang and Alexander C. Berg and Michael Maire and Jitendra Malik},
  title = {{SVM-KNN}: Discriminative nearest neighbor classification for visual
	category recognition},
  booktitle = {CVPR},
  year = {2006},
  owner = {bensapp},
  timestamp = {2012.04.02}
}

